@article{rekdal2014,
  title={Academic urban legends},
  author={Rekdal, Ole Bj{\o}rn},
  journal={Social Studies of Science},
  volume={44},
  number={4},
  pages={638--654},
  year={2014},
  publisher={Sage Publications},
  _address={London, England},
  _doi={10.1177/0306312714535679}
}
